<?xml version="1.0" encoding="UTF-8"?><collection xmlns="http://www.loc.gov/MARC21/slim"><record><leader>00418nam--2200121-i-4500</leader><controlfield tag="001">000033348</controlfield><controlfield tag="002">20161230</controlfield><controlfield tag="005">20161230201039</controlfield><controlfield tag="008">060222s1000------------r-----000-0-eng-d</controlfield><datafield ind1=" " ind2=" " tag="245"><subfield code="a">Monographies de l`action concertee `electronique` de la delegation generale a la recherche scientifique et technique: t.2: les materiaux semi-conducteurs</subfield></datafield><datafield ind1=" " ind2=" " tag="260"><subfield code="a">Paris, Dunod 1965-1966, Xiii + 288p</subfield></datafield><datafield ind1=" " ind2=" " tag="700"><subfield code="a">Rodot, M</subfield></datafield><datafield ind1=" " ind2=" " tag="852"><subfield code="a">22362</subfield></datafield></record></collection>